@online{GGSite,
    author    = "Gaël Guennebaud",
    title     = "Home Page",
    url       = "\\http://www.labri.fr/perso/guenneba/index.php"
}

@misc{GGPghp,
    author    = "Gaël Guennebaud",
    title     = "UE Programmation Graphique Haute Performance",
    url       = "http://www.labri.fr/perso/guenneba/pghp_2015/"
}

@misc{GGaward,
    author    = "Laura Bernard,Inria",
    title     = "The Eigen library is recognised at the 2013 Symposium on Geometry Processing",
    url       = "http://www.inria.fr/en/centre/bordeaux/news/the-eigen-library-is-recognised-at-the-2013-symposium-on-geometry-processing"
}

@misc{BRSite,
    author    = "Boris Raymond",
    title     = "Home",
    url       = "\\http://manao.inria.fr/perso/~raymond/"
}

@misc{GLM,
    author    = "G-Truc Creation",
    title     = "OpenGL Mathematics",
    url       = "\\http://glm.g-truc.net/"
}

@misc{eigen,
    title     = "Eigen",
    url       = "http://eigen.tuxfamily.org/"
}


@misc{SurfaceMesh,
    author    = "",
    title     = "",
    url       = ""
}
